<record><leader>00000cas a22000007a 4500</leader><controlfield tag="001">12996136</controlfield><controlfield tag="008">860109d19711981njuwr ne      0    0eng d</controlfield><datafield ind1=" " ind2=" " tag="010"><subfield code="a">sn 86077004 </subfield></datafield><datafield ind1=" " ind2=" " tag="040"><subfield code="a">NPA</subfield><subfield code="b">eng</subfield><subfield code="c">NPA</subfield><subfield code="d">NJW</subfield><subfield code="d">OCLCQ</subfield></datafield><datafield ind1=" " ind2=" " tag="042"><subfield code="a">msc</subfield></datafield><datafield ind1="0" ind2=" " tag="130"><subfield code="a">New Brunswick spokesman (1971)</subfield></datafield><datafield ind1="1" ind2="0" tag="245"><subfield code="a">New Brunswick spokesman.</subfield></datafield><datafield ind1="1" ind2="3" tag="246"><subfield code="a">New Brunswick spokesman of the Raritan Valley</subfield></datafield><datafield ind1=" " ind2=" " tag="260"><subfield code="a">New Brunswick, N.J. :</subfield><subfield code="b">Keenan Co.,</subfield><subfield code="c">1971-1981.</subfield></datafield><datafield ind1="0" ind2=" " tag="362"><subfield code="a">Vol. 47, no. 18 (Jan. 29, 1971)-v. 49, no. 2 (Oct. 5, 1972); 49th yr., no. 3 (Oct. 12, 1972)-58th yr., no. 2 (Sept. 9, 1981).</subfield></datafield><datafield ind1=" " ind2=" " tag="500"><subfield code="a">Sometimes published on masthead and in publisher's statement as: New Brunswick spokesman of the Raritan Valley.</subfield></datafield><datafield ind1=" " ind2=" " tag="500"><subfield code="a">Publishers: RoMed Co., July 13, 1972-Aug. 26, 1981; S. Ridgeway Kennedy, Susan Kennedy, Sept. 2-9, 1981.</subfield></datafield><datafield ind1=" " ind2=" " tag="752"><subfield code="a">United States</subfield><subfield code="b">New Jersey</subfield><subfield code="c">Middlesex</subfield><subfield code="d">New Brunswick.</subfield></datafield><datafield ind1="0" ind2="0" tag="780"><subfield code="t">Spokesman New Brunswick (1970)</subfield><subfield code="w">(DLC)sn 86077006</subfield><subfield code="w">(OCoLC)12996055</subfield></datafield><datafield ind1="0" ind2="0" tag="785"><subfield code="t">Spokesman (New Brunswick, N.J. : 1981)</subfield><subfield code="w">(DLC)sn 86077001</subfield><subfield code="w">(OCoLC)12996139</subfield></datafield></record>